<?xml version="1.0" encoding="utf-8"?>
<record xmlns="http://www.loc.gov/MARC21/slim" xmlns:xsi="http://www.w3.org/2001/XMLSchema-instance" xsi:schemaLocation="http://www.loc.gov/MARC21/slim http://www.loc.gov/standards/marcxml/schema/MARC21slim.xsd">
	<leader>     nam a22     Mi 4500</leader>
	<controlfield tag="001">3239468</controlfield>
	<controlfield tag="003">NNC</controlfield>
	<controlfield tag="006">m        d        </controlfield>
	<controlfield tag="007">cr cn |||m|||a</controlfield>
	<controlfield tag="008">180920s1882    ua      o     000 0 arar </controlfield>
	<datafield ind1=" " ind2=" " tag="040">
		<subfield code="a">ZYU</subfield>
		<subfield code="b">ara</subfield>
		<subfield code="e">rda</subfield>
		<subfield code="c">ZYU</subfield>
	</datafield>
	<datafield ind1="0" ind2="4" tag="050">
		<subfield code="a">PJ7541</subfield>
		<subfield code="b">.A23 1882</subfield>
	</datafield>
	<datafield ind1="1" ind2=" " tag="100">
		<subfield code="a">Baghdādī, ʻAbd al-Qādir ibn ʻUmar,</subfield>
		<subfield code="d">1621-1682.</subfield>
	</datafield>
	<datafield ind1="1" ind2="0" tag="240">
		<subfield code="a">Khizānat al-adab wa-lubb lubāb lisān al-ʻArab</subfield>
	</datafield>
	<datafield ind1="1" ind2="0" tag="245">
		<subfield code="a">Sharḥ ʻAbd al-Qādir ibn ʻUmar al-Baghdādī</subfield>
		<subfield code="b">al-musammá Khizānat al-adab wa-lubb lubāb lisān al-ʻArab ʻalá shawāhid Sharḥ al-Kāfiyah allatī hiya bi-maqāṣid al-qawāʻid wāfiyah lil-Imām al-shahīr bi-al-Raḍī. Muḥallá hāmishuhu bi-Kitāb al-Maqāṣid al-naḥwīyah fī sharḥ shawāhid shurūḥ al-alfīyah ... al-mashhūr bi-Sharḥ al-shawāhid al-kubrá lil-ʻAynī Maḥmūd.</subfield>
	</datafield>
	<datafield ind1="3" ind2=" " tag="246">
		<subfield code="a">Khizānat al-adab</subfield>
	</datafield>
	<datafield ind1=" " ind2=" " tag="250">
		<subfield code="a">al-Ṭabʻah 1.</subfield>
	</datafield>
	<datafield ind1=" " ind2=" " tag="260">
		<subfield code="a">Būlāq,</subfield>
		<subfield code="b">al-Maṭbaʻah al-Mīrīyah,</subfield>
		<subfield code="c">1299 [1882]</subfield>
	</datafield>
	<datafield ind1=" " ind2=" " tag="300">
		<subfield code="a">online resource (4 volumes)</subfield>
	</datafield>
	<datafield ind1=" " ind2=" " tag="336">
		<subfield code="a">text</subfield>
		<subfield code="2">rdacontent</subfield>
	</datafield>
	<datafield ind1=" " ind2=" " tag="337">
		<subfield code="a">computer</subfield>
		<subfield code="2">rdamedia</subfield>
	</datafield>
	<datafield ind1=" " ind2=" " tag="338">
		<subfield code="a">online resource</subfield>
		<subfield code="2">rdacarrier</subfield>
	</datafield>
	<datafield ind1=" " ind2=" " tag="500">
		<subfield code="a">Part of the Arabic Collections Online (ACO) project, contributed by Columbia University Libraries.</subfield>
	</datafield>
	<datafield ind1=" " ind2=" " tag="533">
		<subfield code="a">Electronic reproduction.</subfield>
		<subfield code="b">New York, N.Y. :</subfield>
		<subfield code="c">New York University,</subfield>
		<subfield code="d">2018.</subfield>
		<subfield code="5">NNU</subfield>
	</datafield>
	<datafield ind1="1" ind2="0" tag="600">
		<subfield code="a">Ibn al-Ḥājib, ʻUthmān ibn ʻUmar,</subfield>
		<subfield code="d">1175-1249.</subfield>
		<subfield code="t">Kāfiyah.</subfield>
	</datafield>
	<datafield ind1="1" ind2="0" tag="600">
		<subfield code="a">Ibn Mālik, Muḥammad ibn ʻAbd Allāh,</subfield>
		<subfield code="d">-1274.</subfield>
		<subfield code="t">Alfīyah.</subfield>
	</datafield>
	<datafield ind1="0" ind2="7" tag="630">
		<subfield code="a">Alfīyah (Ibn Mālik, Muḥammad ibn ʻAbd Allāh)</subfield>
		<subfield code="2">fast</subfield>
		<subfield code="0">(OCoLC)fst01360506</subfield>
	</datafield>
	<datafield ind1="0" ind2="7" tag="630">
		<subfield code="a">Kāfiyah (Ibn al-Ḥājib, ʻUthmān ibn ʻUmar)</subfield>
		<subfield code="2">fast</subfield>
		<subfield code="0">(OCoLC)fst01366739</subfield>
	</datafield>
	<datafield ind1="1" ind2=" " tag="700">
		<subfield code="a">ʻAynī, Badr al-Dīn Maḥmūd ibn Aḥmad,</subfield>
		<subfield code="d">1361-1451.</subfield>
	</datafield>
	<datafield ind1="1" ind2="2" tag="700">
		<subfield code="a">Astarābādhī, Raḍī al-Dīn Muḥammad ibn al-Ḥasan,</subfield>
		<subfield code="d">active 1284.</subfield>
		<subfield code="t">Sharḥ al-Kāfiyah.</subfield>
	</datafield>
	<datafield ind1="2" ind2=" " tag="710">
		<subfield code="a">Columbia University.</subfield>
		<subfield code="b">Libraries.</subfield>
	</datafield>
	<datafield ind1="0" ind2=" " tag="730">
		<subfield code="a">Arabic Collections Online.</subfield>
	</datafield>
	<datafield ind1="0" ind2="8" tag="776">
		<subfield code="i">Online version:</subfield>
		<subfield code="a">Baghdādī, ʻAbd al-Qādir ibn ʻUmar, 1621-1682.</subfield>
		<subfield code="s">Khizānat al-adab wa-lubb lubāb lisān al-ʻArab.</subfield>
		<subfield code="t">Sharḥ ʻAbd al-Qādir ibn ʻUmar al-Baghdādī</subfield>
		<subfield code="b">al-Ṭabʻah 1.</subfield>
		<subfield code="d">Būlāq, al-Maṭbaʻah al-Mīrīyah, 1299 [1882]</subfield>
		<subfield code="w">(OCoLC)879927995</subfield>
	</datafield>
	<datafield ind1="0" ind2="8" tag="776">
		<subfield code="i">Print version:</subfield>
		<subfield code="a">Baghdādī, ʻAbd al-Qādir ibn ʻUmar, 1621-1682.</subfield>
		<subfield code="t">Sharḥ ʻAbd al-Qādir ibn ʻUmar al-Baghdādī</subfield>
		<subfield code="w">(NNC)3239468</subfield>
		<subfield code="w">(DLC)   77261010 </subfield>
		<subfield code="w">(OCoLC)31238693</subfield>
	</datafield>
	<datafield ind1="4" ind2="0" tag="856">
		<subfield code="u">http://hdl.handle.net/2333.1/x3ffbpmg</subfield>
	</datafield>
	<datafield ind1=" " ind2=" " tag="959">
		<subfield code="a">NNU</subfield>
		<subfield code="b">WEB</subfield>
		<subfield code="c">GENI</subfield>
		<subfield code="t">0</subfield>
		<subfield code="m">Electronic access</subfield>
		<subfield code="s">01</subfield>
	</datafield>
	<datafield ind1=" " ind2=" " tag="999">
		<subfield code="i">NNC_3239468</subfield>
		<subfield code="o">(OCoLC)ocm31238693 </subfield>
		<subfield code="s">columbia_aco003265:v.1</subfield>
		<subfield code="s">columbia_aco003266:v.2</subfield>
		<subfield code="s">columbia_aco003267:v.3</subfield>
		<subfield code="s">columbia_aco003268:v.4</subfield>
		<subfield code="e">(ERROR-880)</subfield>
	</datafield>
</record>
